@phdthesis{tsp_ea,
    title={Genetic algorithms and the Traveling Salesman Problem},
    author={Keresztury, Bence},
    year={2017},
    url={https://web.cs.elte.hu/blobs/diplomamunkak/bsc_alkmat/2017/keresztury_bence.pdf}
}
